@article{bibf,
  title={Guia R{\'a}pido: GCC, Makefile e Valgrind.},
  author={Ramos, Alexandro}
}
